@ARTICLE{eri2015,
author = {Erik Smistad and Thomas L. Falch and Mohammadmehdi Bozorgi and Anne C. Elster and Frank Lindseth},
year = {2015},
title = {Medical image segmentation on {GPU}s -- {A} comprehensive review},
}

@BOOK{terry1,
author = {Yoo, Terry S.},
year = {2004},
title = {Insight into Images: Principles and Practice for Segmentation, Registration, and Image Analysis},
publisher = {A K Peters, Ltd}
}

@BOOK{zhang1,
author = {Zhang, Yu-Jin},
year = {2006},
title = {Advances in Image and Video Segmentation},
}

@PHDTHESIS{mc1,
author = {McGuinness, Kevin},
year = {2010},
title = {Image Segmentation, Evaluation, and Applications},
school = {Dublin City University},
note = {Pages 11-17}
}

@PHDTHESIS{oli1,
author = {Oliver Malagelada, Arnau},
year = {2008},
title = {Automatic Mass Segmentation In Mammographic Images},
school = {University of Girona},
address = {http://eia.udg.edu/~aoliver/publications/tesi/},
note = {Chapter 2.3.3}
}

@manual{ieee1,
author = {IEEE Xplore Digital Library},
title = {http://ieeexplore.ieee.org/},
}

@ARTICLE{basa1,
author = {Basavaprasad B. and Ravi M.},
year = {2014},
title = {A COMPARATIVE STUDY ON CLASSIFICATION OF IMAGE
SEGMENTATION METHODS WITH A FOCUS ON GRAPH BASED
TECHNIQUES},
volume = {vol. 3},
journal = "International Journal of Research in Engineering and Technology",
}

@ARTICLE{kass1,
author = {Kass M. and Witkin A. and Terzopoulos D.},
year = {1988},
title = {Snakes: Active Contour Models},
pages = {321-331},
journal = "International Journal of Computer Vision",
address = {http://dx.doi.org/10.1007/BF00133570}
}

@ARTICLE{suta1,
author = {Suta L. and Bessy F. and Veja C. and Vaida M.-F},
year = {2012},
title = {Active contours: Application to plant recognition},
pages = {181 - 187},
journal = "Intelligent Computer Communication and Processing (ICCP), 2012 IEEE International Conference on"
}

@ARTICLE{gitHub1,
author = {Franco D.},
title  = {Implementacion paralela},
year = {2015},
note = {https://github.com/dfranco007/parallelOfeli}
}

@PHDTHESIS{cudaseg,
author = {Hormuz Mostofi and Keble College},
title  = {Fast Level Set Segmentation of Biomedical Images using Graphics Processing Units},
school = {University of Oxford},
year = {2009},
note = {https://code.google.com/p/cudaseg/}
}

@ARTICLE{aaron1,
author = {Aaron Hagan and Ye Zhao},
title  = {Parallel 3D Image Segmentation of Large Data Sets on a GPU Cluster},
year = {2009},
volume = {vol. 5876},
pages = {960 - 969},
}

@ARTICLE{jeon1,
author = {M. Jeon and M. Alexander and N. Pizzi},
title  = {PARALLEL IMAGE SEGMENTATION WITH LEVEL SET METHODS},
year = {2015},
}

@ARTICLE{moha1,
author = {Mohammad Reza Hajihashemi and Magda EI-Shenawee},
title  = {MPI Parallelization of the Level-Set Reconstruction Algorithm},
year = {2009},
school = {University of Arkansas},
pages = {1 - 4},
}

@ARTICLE{yong1,
author = {Yonggang Shi and William Clem Karl},
title  = {A FAST IMPLEMENTATION OF THE LEVEL SET METHOD WITHOUT SOLVING PARTIAL DIFFERENTIAL EQUATIONS},
year = {2005},
school = {Boston University},
note ={http://iss.bu.edu/yshi}
}

@ARTICLE{ofeli,
author = {Fabien Bessy},
title  = {Open, Fast and Efficient Level set Implementation},
year = {2012-2013},
school = {Fran√ßois Rabelais University's computer science laboratory},
note ={https://code.google.com/p/ofeli/}
}

@ARTICLE{chan,
author = {T. Chan and L. Vese },
title  = {Active Contours Without Edges},
year = {2001},
month ={Feb},
school = {IEEE Trans. Image Processing},
volume ={vol. 10},
pages = {266-277}
note ={https://code.google.com/p/ofeli/}
}

@manual{live1,
author = {Livermore Computing Center (LC)},
title = {https://computing.llnl.gov}
}
@manual{openmp,
author = {OpenMP API specification for parallel programming},
title = {http://openmp.org/}
}